@Book{CLR,
  author = 	 {Thomas H. Cormen and Charles E. Leiserson and Ronald L. Rivest},
  title = 	 {Introduction to Algorithms},
  year = 	 {1990},
  publisher = {The MIT Press},
  location =  {Cambridge, Massachusetts},
}

@Online{DNA,
  author = 	 {Gopal Pandurangan},
  title = 	 {Distributed Network Algorithms},
  date = 	 {2019-02-20},
  url = 	 {https://sites.google.com/site/gopalpandurangan/dna},
  urldate = 	 {2019-04-16}
}

@Online{ALG,
  author = 	 {Gopal Pandurangan},
  title = 	 {Algorithms},
  date = 	 {2018-12-03},
  url = 	 {https://sites.google.com/site/gopalpandurangan/algbook.pdf},
  urldate = 	 {2019-04-16}
}

@Book{Solomon,
  author = 	 {Frederick Solomon},
  title = 	 {Probability and Stochastic Processes},
  year = 	 {1987},
  publisher =    {Prentice Hall, Inc.},
  location =     {Upper Saddle River, NJ}
}

@Online{MPIO,
  author = 	 {William Gropp},
  title = 	 {Lecture 32: Introduction to MPI I/O},
  ALTdate = 	 {2015-04-21},
  url = 	 {http://wgropp.cs.illinois.edu/courses/cs598-s16/lectures/lecture32.pdf},
  urldate = 	 {2019-04-16}
}

@Online{MPI21,
  editor = 	 {Richard Graham and Jack Dongarra and Al Geist and Bill Gropp and Rainer Keller and Andrew Lumsdaine and Ewing Lusk and Rolf Rabenseifner},
  title = 	 {MPI: A Message-Passing Interface Standard},
  date = 	 {2008-06-03},
  url = 	 {https://www.mpi-forum.org/docs/mpi-2.1/mpi21-report.pdf},
  version = 	 {2.1},
  organization = {Message Passing Interface Forum},
  urldate = 	 {2019-04-16}
}

@Online{mt19337,
  author = 	 {Anonymous},
  title = 	 {std::mersenne\_twister\_engine},
  date = 	 {2019-02-25},
  url = 	 {https://en.cppreference.com/w/cpp/numeric/random/mersenne_twister_engine},
  organization = {cppreference.com},
  urldate = 	 {2019-04-17}
}

@Online{uniformintdist,
  author = 	 {Anonymous},
  title = 	 {std::uniform\_int\_distribution},
  date = 	 {2015-06-15},
  url = 	 {https://en.cppreference.com/w/cpp/numeric/random/uniform_int_distribution},
  organization = {cppreference.com},
  urldate = 	 {2019-04-17}
}

@Online{bernoullidist,
  author = 	 {Anonymous},
  title = 	 {std::bernoulli\_distribution},
  date = 	 {2018-06-15},
  url = 	 {https://en.cppreference.com/w/cpp/numeric/random/bernoulli_distribution},
  organization = {cppreference.com},
  urldate = 	 {2019-04-18}
}

@Online{binomialdist,
  author = 	 {Anonymous},
  title = 	 {std::binomial\_distribution},
  date = 	 {2018-06-15},
  url = 	 {https://en.cppreference.com/w/cpp/numeric/random/binomial_distribution},
  organization = {cppreference.com},
  urldate = 	 {2019-04-18}
}

@Online{random,
  author = 	 {Anonymous},
  title = 	 {Pseudo-random number generation},
  date = 	 {2019-03-04},
  url = 	 {https://en.cppreference.com/w/cpp/numeric/random},
  organization = {cppreference.com},
  urldate = 	 {2019-04-18}
}

@Online{map,
  author = 	 {Anonymous},
  title = 	 {std::map},
  date = 	 {2019-02-10},
  url = 	 {https://en.cppreference.com/w/cpp/container/map},
  organization = {cppreference.com},
  urldate = 	 {2019-04-16}
}
@Online{vector,
  author = 	 {Anonymous},
  title = 	 {std::map},
  date = 	 {2018-11-20},
  url = 	 {https://en.cppreference.com/w/cpp/container/map},
  organization = {cppreference.com},
  urldate = 	 {2019-04-16}
}
@Online{unorderedset,
  author = 	 {Anonymous},
  title = 	 {std::unordered\_set},
  date = 	 {2018-11-19},
  url = 	 {https://en.cppreference.com/w/cpp/container/unordered_set},
  organization = {cppreference.com},
  urldate = 	 {2019-04-16}
}

@Online{SNAP,
  author = 	 {Jure Leskovec and Andrej Krevl},
  title = 	 {{SNAP Datasets}: {Stanford} Large Network Dataset Collection},
  month = 	 {June},
  year =         {2014},
  url = 	 {https://snap.stanford.edu/data/},
  organization = {Stanford University},
  urldate = 	 {2019-04-17}
}

@Online{pa2spec,
  author = 	 {Gopal Pandurangan},
  title = 	 {COSC 6326 Programming Assignment 2 and Final Project},
  date = 	 {2019-04-05},
  url = 	 {https://elearning.uh.edu/bbcswebdav/pid-5628740-dt-content-rid-39995246_1/courses/H_20191_COSC_6326_15630/prog-assign2.pdf},
  urldate = 	 {2019-04-16}
}

